@String{PODS = "PODS"}
@String{DBPL = "Proc. of Int'l Workshop on Database Programming Languages (DBPL)"}
@String{JCSS = {Journal of Computer and System Sciences (JCSS)}}
@String{TKDE = {TKDE}}
@String{CACM = {Communicationforeign keyss of the ACM}}
@String{ACMCS = {ACM Computing Surveys}}
@String{JACM = {JACM}}
@String{TSE = {IEEE Trans. on Software Engineering}}
@String{TOOIS = "ACM Trans. on Office Information Systems"}
@String{TODS = "TODS"}
@String{TOPLAS = "ACM Trans. on Programming Languages and Systems"}
@String{VLDB = "VLDB"}
@String{ICDT = "Proc. of Int'l Conf. on Database Theory (ICDT)"}
@String{ICDE = "ICDE"}
@String{OODBS86 = "Proc. of IEEE Int'l Workshop on Object-Oriented Database Systems"}
@String{SIGMOD = "SIGMOD"}
@String{SIGPLAN = "Proceedings of ACM SIGPLAN Conference on Programming Language Design and Implementation"}
@String{Wesley = "Addison Wesley, Reading, MA"}
@String{BTW =  "Proceedings der GI-Fachtagung Datenbanksysteme f{\"u}r B{\"u}ro, Technik und Wissenschaft (BTW)"}
@String{DOOD = "Proceedings International Conference on Deductive and Object-Oriented Databases (DOOD)"}
@String{DKEng = "Data \& Knowledge Engineering"}
@String{IJCAI = "IJCAI"}
@String{AAAI = "Proceedings National Conference on Artificial Intelligence"}
@String{DAC= "Proceedings of Design Automation Conference"}
@String{EDBT= "Proceedings of the International Conference on Extending Database Technology"}
@String{HICSS= "Proceedings of the Hawaiian Conference on Computer and System Sciences"}
@String{FOOL = "Proceedings of the Foundations of Object-Oriented Languages Workshop"}
@String{TCS = "Theoretical Computer Science"}
@String{TSI = "Technology and Science of Informatics"}
@String{SEMIWORK = "Workshop on Management of Semistructured Data"}
@String{ACMTOIS = "ACM Transactions on Information Systems"}
@String{DL = "Proceedings of ACM Conference on Digital Libraries"}
@String{COOPIS = {Proceedings of International Conference on Cooperative Information Systems (CoopIS)}}
@String{LNCS = {Lecture Notes in Computer Science}}
@String{WWW = {WWW}}
@String{RIDE = {Research Issues in Data Engineering}}
@String{NGITS = {Next Generation Information Technologies and Systems}}
@String{LICS = {Proceedings of Logic in Computer Science (LICS)}}
@string{siamjc = "{SIAM} Journal on Computing"}
@string{tsmc = "{IEEE} Transactions on Systems, Man, and Cybernetics"}
@string{ACMTIST = "ACM Transactions on Intelligent Systems and Technology"}

@book{abiteboul1995foundations,
	author    	= {Serge Abiteboul and Richard Hull and Victor Vianu},
	title     	= {Foundations of Databases},
	publisher 	= {Addison-Wesley},
	year      	= {1995},
}

@inproceedings{HeerHK15,
  author    = {Jeffrey Heer and
               Joseph M. Hellerstein and
               Sean Kandel},
  title     = {Predictive Interaction for Data Transformation},
  booktitle = {{CIDR}},
  year      = {2015},
}


@inproceedings{DBLP:conf/sigmod/FaridRIHC16,
  author    = {Mina H. Farid and
               Alexandra Roatis and
               Ihab F. Ilyas and
               Hella{-}Franziska Hoffmann and
               Xu Chu},
  title     = {{CLAMS:} Bringing Quality to Data Lakes},
  booktitle = {SIGMOD},
  pages     = {2089--2092},
  year      = {2016}
}

@inproceedings{Chen:2016,
 author = {Chen, Yang and Goldberg, Sean and Wang, Daisy Zhe and Johri, Soumitra Siddharth},
 title = {Ontological Pathfinding},
 booktitle = {SIGMOD},
 year = {2016},
 pages = {835--846}
}


@article{DBLP:journals/pvldb/ChuIP13,
  author    = {Xu Chu and
               Ihab F. Ilyas and
               Paolo Papotti},
  title     = {Discovering Denial Constraints},
  journal   = {{PVLDB}},
  volume    = {6},
  number    = {13},
  pages = {1498--1509},
  year      = {2013},
}

@article{KandelPHH12,
  author = {Kandel, Sean and Paepcke, Andreas and Hellerstein, Joseph M. and Heer, Jeffrey},
  journal = {IEEE Trans. Vis. Comput. Graph.},
  number = 12,
  title = {Enterprise Data Analysis and Visualization: An Interview Study.},
  volume = 18,
  year = 2012
}



@inproceedings{DBLP:conf/icde/ChuIPY14,
	author    = {Xu Chu and
	Ihab F. Ilyas and
	Paolo Papotti and
	Yin Ye},
	title     = {RuleMiner: Data quality rules discovery},
	booktitle = {ICDE},
	year      = {2014},
}

@article{Song013,
  author    = {Shaoxu Song and
               Lei Chen},
  title     = {Efficient discovery of similarity constraints for matching dependencies},
  journal   = {Data Knowl. Eng.},
  year      = {2013},
  volume    = {87},
}

@inproceedings{DBLP:conf/sigmod/WangKFGKM14,
  author    = {Jiannan Wang and
               Sanjay Krishnan and
               Michael J. Franklin and
               Ken Goldberg and
               Tim Kraska and
               Tova Milo},
  title     = {A sample-and-clean framework for fast and accurate query processing
               on dirty data},
  booktitle = {SIGMOD},
  year      = {2014},
}

@inproceedings{BeskalesIGG13,
  author    = {George Beskales and
               Ihab F. Ilyas and
               Lukasz Golab and
               Artur Galiullin},
  title     = {On the relative trust between inconsistent data and inaccurate constraints},
  booktitle = {ICDE},
  year      = {2013},
}

@article{Agrawal93,
	author      = {Agrawal, Rakesh and Imieli\'{n}ski, Tomasz and Swami, Arun},
	title       = {Mining association rules between sets of items in large databases},
	journal     = {SIGMOD Record},
	year        = {1993}
}

@inproceedings{DBLP:conf/icde/KoudasSSV09,
  author    = {Nick Koudas and
               Avishek Saha and
               Divesh Srivastava and
               Suresh Venkatasubramanian},
  title     = {Metric Functional Dependencies},
  booktitle = {ICDE},
  year      = {2009},
}
 
 @inproceedings{sherlock,
  author    = {Matteo Interlandi and Nan Tang},
  title     = {Proof Positive and Negative in Data Cleaning},
  booktitle = {ICDE},
  year      = {2015},
 }

@book{approximationclass,
	title		= {Complexity and approximation: Combinatorial optimization problems and their approximability properties},
	author		= {Ausiello, G.},
	year		= {1999},
	publisher	= {Springer}
}

@INPROCEEDINGS{ArasuCS09,
    author      = {Arvind Arasu and Christopher Re and Dan Suciu},
    title       = {Large-Scale Deduplication with Constraints using {Dedupalog}},
    booktitle   = {ICDE},
    year        = {2009}
}

@article{DBLP:journals/pvldb/FanGJ08a,
  author    = {Wenfei Fan and
               Floris Geerts and
               Xibei Jia},
  title     = {A revival of integrity constraints for data cleaning},
  journal   = {{PVLDB}},
  volume    = {1},
  number    = {2},
  pages     = {1522--1523},
  year      = {2008},
}

@inproceedings{DBLP:conf/pods/ArenasBC99,
	author    = {Marcelo Arenas and
	Leopoldo E. Bertossi and
	Jan Chomicki},
	title     = {Consistent Query Answers in Inconsistent Databases},
	booktitle = {PODS},
	year      = {1999},
}

@book{BatiniS06,
    author      = "C.~Batini and M.~Scannapieco",
    title       = {Data Quality: Concepts, Methodologies and Techniques},
    publisher   = "Springer",
    year        = "2006"
}

@inproceedings{BravoFGM08,
  author    = {Loreto Bravo and
               Wenfei Fan and
               Floris Geerts and
               Shuai Ma},
  title     = {Increasing the Expressivity of Conditional Functional Dependencies
               without Extra Complexity},
  booktitle = {ICDE},
  year      = {2008},
}

@article{DBLP:journals/vldb/BenjellounGMSWW09,
	author    = {Omar Benjelloun and
	Hector Garcia{-}Molina and
	David Menestrina and
	Qi Su and
	Steven Euijong Whang and
	Jennifer Widom},
	title     = {Swoosh: a generic approach to entity resolution},
	journal   = {{VLDB} J.},
	volume    = {18},
	number    = {1},
	pages     = {255--276},
	year      = {2009},
}


@article{FanGLX11,
  author    = {Wenfei Fan and
               Floris Geerts and
               Jianzhong Li and
               Ming Xiong},
  title     = {Discovering Conditional Functional Dependencies},
  journal   = {IEEE Trans. Knowl. Data Eng.},
  volume    = {23},
  number    = {5},
  year      = {2011},
}


@inproceedings{DBLP:conf/icde/SahaS14,
  author    = {Barna Saha and
               Divesh Srivastava},
  title     = {Data quality: The other face of Big Data},
  booktitle = {ICDE},
  year      = {2014},
}


@INPROCEEDINGS{BertossiBFL05,
	author 		= {Leopoldo Bertossi and Loreto Bravo and Enrico Franconi and Andrei Lopatenko},
    title 		= {Complexity and Approximation of Fixing Numerical Attributes in Databases Under Integrity Constraints},
    booktitle 	= {DBPL},
    year 		= {2005},
}

@inproceedings{DBLP:conf/icdt/BertossiKL11,
  author    = {Leopoldo E. Bertossi and
               Solmaz Kolahi and
               Laks V. S. Lakshmanan},
  title     = {Data cleaning and query answering with matching dependencies and matching
               functions},
  booktitle = {ICDT},
  year      = {2011},
}

@inproceedings{DBLP:conf/icde/FanLTY12,
  author    = {Wenfei Fan and
               Jianzhong Li and
               Nan Tang and
               Wenyuan Yu},
  title     = {Incremental Detection of Inconsistencies in Distributed Data},
  booktitle = {ICDE},
  year      = {2012},
}

@inproceedings{BeskalesSI+09,
    author      = {George Beskales and Mohamed A. Soliman and Ihab F. Ilyas and Shai Ben-David},
    title       = {Modeling and Querying Possible Repairs in Duplicate Detection},
    booktitle   = {VLDB},
    year        = {2009},
}

@article{BeskalesIG10,
    author      = {George Beskales and Ihab F. Ilyas and Lukasz Golab},
    title       = {Sampling the Repairs of Functional Dependency Violations under Hard Constraints},
    journal     = {PVLDB},
    year        = {2010},
 }

@inproceedings{BiereHH+09,
    editor      = {Armin Biere and Marijn Heule and Hans van Maaren and Toby Walsh},
    title       = {Handbook of Satisfiability},
    publisher   = {IOS Press},
    series      = {Frontiers in Artificial Intelligence and Applications},
    volume      = {185},
    year        = {2009},
}

@inproceedings{DBLP:conf/sigmod/BohannonFFR05,
  author    = {Philip Bohannon and
               Michael Flaster and
               Wenfei Fan and
               Rajeev Rastogi},
  title     = {A Cost-Based Model and Effective Heuristic for Repairing Constraints
               by Value Modification},
  booktitle = {SIGMOD},
  year      = {2005},
}

@article{AbouziedHS12,
  author    = {Azza Abouzied and
               Joseph M. Hellerstein and
               Avi Silberschatz},
  title     = {Playful Query Specification with DataPlay},
  journal   = {{PVLDB}},
  volume    = {5},
  number    = {12},
  year      = {2012},
}


@misc{BT,
    author      = {Boris Otto and Kristin Weber},
    title       = {From Health Checks to the Seven Sisters: The Data Quality Journey at {BT}},
    note        = {{BT} {TR}-{BE HSG/CC CDQ/8}},
    month       = Sep,
    year        = 2009
}

@inproceedings{DBLP:conf/icde/ChiangM11,
  author    = {Fei Chiang and
               Ren{\'{e}}e J. Miller},
  title     = {A unified model for data and constraint repair},
  booktitle = {ICDE},
  year      = {2011},
}

@inproceedings{DBLP:conf/icde/VolkovsCSM14,
  author    = {Maksims Volkovs and
               Fei Chiang and
               Jaroslaw Szlichta and
               Ren{\'{e}}e J. Miller},
  title     = {Continuous data cleaning},
  booktitle = {ICDE},
  year      = {2014},
}
@inproceedings{BravoFM07,
    author      = {Loreto Bravo and Wenfei Fan and Shuai Ma},
    title       = {Extending Dependencies with Conditions},
    booktitle   = {VLDB},
    year        = {2007},
}

@article{DBLP:journals/pvldb/ChiangM08,
  author    = {Fei Chiang and
               Ren{\'{e}}e J. Miller},
  title     = {Discovering data quality rules},
  journal   = {{PVLDB}},
  volume    = {1},
  number    = {1},
  year      = {2008},
}

@article{BeskalesDEINOPQT12,
  author    = {George Beskales and
               Gautam Das and
               Ahmed K. Elmagarmid and
               Ihab F. Ilyas and
               Felix Naumann and
               Mourad Ouzzani and
               Paolo Papotti and
               Jorge-Arnulfo Quian{\'e}-Ruiz and
               Nan Tang},
  title     = {The data analytics group at the qatar computing research
               institute},
  journal   = {SIGMOD Record},
  volume    = {41},
  number    = {4},
  year      = {2012},
  pages     = {33-38},
}

@inproceedings{DBLP:conf/icde/AbedjanQN14,
	author    = {Ziawasch Abedjan and
	Jorge{-}Arnulfo Quian{\'{e}}{-}Ruiz and
	Felix Naumann},
	title     = {Detecting unique column combinations on dynamic data},
	booktitle = {ICDE},
	year      = {2014},
}

@article{DBLP:journals/pvldb/HeiseQAJN13,
  author    = {Arvid Heise and
               Jorge{-}Arnulfo Quian{\'{e}}{-}Ruiz and
               Ziawasch Abedjan and
               Anja Jentzsch and
               Felix Naumann},
  title     = {Scalable Discovery of Unique Column Combinations},
  journal   = {{PVLDB}},
  volume    = {7},
  number    = {4},
  year      = {2013}
}



@inproceedings{ChaudhuriGG+03,
    author      = {Surajit Chaudhuri and Kris Ganjam and Venkatesh Ganti and  Rajeev Motwani},
    title       = {Robust and Efficient Fuzzy Match for Online Data Cleaning},
    booktitle   = {SIGMOD},
    year        = {2003}
}

@ARTICLE{ChomickiM05,
    author      = {J. Chomicki and J. Marcinkowski},
    title       = {Minimal-change integrity maintenance using tuple deletions},
    journal     = {Inf. Comput.},
    year        = {2005},
}


@article{DBLP:journals/vldb/Halevy01,
  author    = {Alon Y. Halevy},
  title     = {Answering queries using views: {A} survey},
  journal   = {{VLDB} J.},
  volume    = {10},
  number    = {4},
  year      = {2001},
}



@article{DBLP:journals/csur/ChandolaBK09,
  author    = {Varun Chandola and
               Arindam Banerjee and
               Vipin Kumar},
  title     = {Anomaly detection: {A} survey},
  journal   = {{ACM} Comput. Surv.},
  volume    = {41},
  number    = {3},
  year      = {2009}
}

@inproceedings{DBLP:conf/vldb/CongFGJM07,
  author    = {Gao Cong and
               Wenfei Fan and
               Floris Geerts and
               Xibei Jia and
               Shuai Ma},
  title     = {Improving Data Quality: Consistency and Accuracy},
  booktitle = {VLDB},
  year      = {2007},
}

@inproceedings{DongHM05,
    author      = {Xin Dong and Alon Y. Halevy and Jayant Madhavan},
    title       = {Reference Reconciliation in Complex Information Spaces},
    booktitle   = {SIGMOD Conference},
    year        = {2005},
}

@inproceedings{DBLP:conf/sigmod/CaoFY13,
  author    = {Yang Cao and
               Wenfei Fan and
               Wenyuan Yu},
  title     = {Determining the relative accuracy of attributes},
  booktitle = {SIGMOD},
  year      = {2013},
}

@Misc{Eckerson02,
    author      = {Wayne W. Eckerson},
    title       = {Data Quality and the Bottom Line: Achieving Business Success through a Commitment to High Quality Data},
    howpublished= {The Data Warehousing Institute},
    year        = {2002}
}

@inproceedings{ElfekyEV02,
    author      = {Mohamed G. Elfeky and Ahmed K. Elmagarmid and Vassilios S. Verykios},
    title       = {TAILOR: A Record Linkage Tool Box},
    booktitle   ={ICDE},
    year        = {2002},
}

@article{DBLP:journals/tkde/ElmagarmidIV07,
  author    = {Ahmed K. Elmagarmid and
               Panagiotis G. Ipeirotis and
               Vassilios S. Verykios},
  title     = {Duplicate Record Detection: {A} Survey},
  journal   = {{IEEE} Trans. Knowl. Data Eng.},
  volume    = {19},
  number    = {1},
  pages     = {1--16},
  year      = {2007},
}

@article{FakasCM11,
    author      = {Georgios John Fakas and Zhi Cai and  Nikos Mamoulis},
    title       = {Size-l Object Summaries for Relational Keyword Search},
    journal     = {PVLDB},
    volume      = {5},
    number      = {3},
    year        = {2011},
}

@article{DBLP:journals/tods/FanGJK08,
  author    = {Wenfei Fan and
               Floris Geerts and
               Xibei Jia and
               Anastasios Kementsietsidis},
  title     = {Conditional functional dependencies for capturing data inconsistencies},
  journal   = {{ACM} Trans. Database Syst.},
  volume    = {33},
  number    = {2},
  year      = {2008}
}

@inproceedings{DBLP:conf/pods/FanGW11,
  author    = {Wenfei Fan and
               Floris Geerts and
               Jef Wijsen},
  title     = {Determining the currency of data},
  booktitle = {PODS},
  year      = {2011},
}
@inproceedings{DBLP:conf/icde/FanGTY13,
  author    = {Wenfei Fan and
               Floris Geerts and
               Nan Tang and
               Wenyuan Yu},
  title     = {Inferring data currency and consistency for conflict resolution},
  booktitle = {ICDE},
  year      = {2013},
}

@article{DBLP:journals/pvldb/FanJLM09,
  author    = {Wenfei Fan and
               Xibei Jia and
               Jianzhong Li and
               Shuai Ma},
  title     = {Reasoning about Record Matching Rules},
  journal   = {{PVLDB}},
  volume    = {2},
  number    = {1},
  year      = {2009},
}

@inproceedings{DBLP:conf/sigmod/FanLMTY11,
  author    = {Wenfei Fan and
               Jianzhong Li and
               Shuai Ma and
               Nan Tang and
               Wenyuan Yu},
  title     = {Interaction between record matching and data repairing},
  booktitle = {SIGMOD},
  year      = {2011},
}

@article{DBLP:journals/vldb/FanLMTY12,
  author    = {Wenfei Fan and
               Jianzhong Li and
               Shuai Ma and
               Nan Tang and
               Wenyuan Yu},
  title     = {Towards certain fixes with editing rules and master data},
  journal   = {{VLDB} J.},
  volume    = {21},
  number    = {2},
  year      = {2012},
}

@inproceedings{DBLP:conf/pods/Fan08,
  author    = {Wenfei Fan},
  title     = {Dependencies revisited for improving data quality},
  booktitle = {PODS},
  year      = {2008},
}

@article{FellegiH76,
    author      = {I. Fellegi and D. Holt},
    title       = {A systematic approach to automatic edit and imputation},
    journal     = {J.~American Statistical Association},
    year        = {1976},
}

@inproceedings{GalhardasFS+00,
    author      = {Helena Galhardas and Daniela Florescu and Dennis Shasha and Eric Simon},
    title       = {AJAX: An Extensible Data Cleaning Tool},
    booktitle   = {SIGMOD Conference},
    year        = {2000},
}

@inproceedings{GalhardasFS+01,
    author      = {Helena Galhardas and Daniela Florescu and Dennis Shasha and Eric Simon and Cristian-Augustin Saita},
    title       = {Declarative Data Cleaning: Language, Model, and Algorithms},
    booktitle   = {VLDB},
    year        = {2001},
}

@article{Gartner,
    author      = {Swartz, N.},
    url         = "http://www.gartner.com/newsroom/id/501733",
    title       = {Gartner Warns Firms of 'Dirty Data'},
    journal     = {Information Management Journal},
    volume      = {41},
    number      = {3},
    year        = {2007},
}

@inproceedings{Deshpande13,
 author = {Deshpande, Omkar and Lamba, Digvijay S. and Tourn, Michel and Das, Sanjib and Subramaniam, Sri and Rajaraman, Anand and Harinarayan, Venky and Doan, AnHai},
 title = {Building, Maintaining, and Using Knowledge Bases: A Report from the Trenches},
 booktitle = {SIGMOD},
 year = {2013},
} 

@TECHREPORT{McKinsey,
    author      = {James Manyika},
    url         = "http://www.mckinsey.com/insights/business_technology/big_data_the_next_frontier_for_innovation",
    title       = {Big data: The next frontier for innovation, competition, and productivity},
    INSTITUTION =   {McKinsey Global Institute},
    year        = {2011},
}

@inproceedings{zloof1975query,
  title={Query by example},
  author={Zloof, Mosh{\'e} M},
  booktitle={AFIPS},
  year={1975},
  organization={ACM}
}

@inproceedings{DBLP:conf/icde/GolabKKSS12,
  author    = {Lukasz Golab and
               Howard J. Karloff and
               Flip Korn and
               Barna Saha and
               Divesh Srivastava},
  title     = {Discovering Conservation Rules},
  booktitle = {ICDE},
  year      = {2012},
}

@article{firmdirty,
    note     = {http://www.itpro.co.uk/ 609057/firms-full-of-dirty-data},
    title       = {Firms full of dirty data},
}

@article{costdirty,
    note     = {http://www.ringlead.com/dirty-data-costs-economy-3-trillion/},
    title       = {Dirty data costs the {U.S.} economy \$3 trillion+ per year},
}

@book{DBLP:series/synthesis/2012Fan,
  author    = {Wenfei Fan and
               Floris Geerts},
  title     = {Foundations of Data Quality Management},
  booktitle = {Foundations of Data Quality Management},
  series    = {Synthesis Lectures on Data Management},
  publisher = {Morgan {\&} Claypool Publishers},
  year      = {2012},
  url       = {http://dx.doi.org/10.2200/S00439ED1V01Y201207DTM030},
  doi       = {10.2200/S00439ED1V01Y201207DTM030},
  timestamp = {Sat, 11 Aug 2012 11:36:57 +0200},
  biburl    = {http://dblp.uni-trier.de/rec/bib/series/synthesis/2012Fan},
  bibsource = {dblp computer science bibliography, http://dblp.org}
}

@article{GeertsMPS13,
  author    = {Floris Geerts and Giansalvatore Mecca and  Paolo Papotti and  Donatello Santoro},
  title     = {The {LLUNATIC} Data-Cleaning Framework},
  journal   = {PVLDB},
  volume    = {6},
  number    = {9},
  year      = {2013},
}

@inproceedings{Geerts2014,
  author = {Geerts, F. and Mecca, G. and Papotti, P. and Santoro, D.},
  title = {{Mapping and Cleaning}},
  booktitle = "ICDE",
  pages     = {232-243},
  year = {2014}
}

@article{Geerts2014b,
  author    = {Geerts, F. and Mecca, G. and Papotti, P. and Santoro, D.},
  title     = {That's All Folks! {LLUNATIC} Goes Open Source},
  journal   = {{PVLDB}},
  volume    = {7},
  number    = {13},
  pages     = {1565--1568},
  year      = {2014}
}

@inproceedings{DBLP:conf/ijcai/WuK15,
  author    = {Bo Wu and
               Craig A. Knoblock},
  title     = {An Iterative Approach to Synthesize Data Transformation Programs},
  booktitle = {{IJCAI}},
  pages     = {1726--1732},
  year      = {2015},
}

@article{DBLP:journals/pvldb/YanZITY13,
  author    = {Zhepeng Yan and
               Nan Zheng and
               Zachary G. Ives and
               Partha Pratim Talukdar and
               Cong Yu},
  title     = {Actively Soliciting Feedback for Query Answers in Keyword Search-Based
               Data Integration},
  journal   = {{PVLDB}},
  volume    = {6},
  number    = {3},
  pages     = {205--216},
  year      = {2013},
}



@article{Swartz:07,
    author      = {Swartz, N.},
    url         = "http://www.gartner.com/newsroom/id/501733",
    title       = {Gartner Warns Firms of `Dirty Data'},
    journal     = {Information Management Journal},
    volume      = {41},
    number      = {3},
    year        = {2007},
}

@misc{Qas,
	author 		= {{Experian QAS Inc.}},
	howpublished = "\url{http://www.qas.com/}",
}


@article{GolabKKSY08,
    author      = {Lukasz Golab and Howard J. Karloff and  Flip Korn and Divesh Srivastava and  Bei Yu},
    title       = {On generating near-optimal tableaux for conditional functional  dependencies},
    journal     = {PVLDB},
    volume      = {1},
    number      = {1},
    year        = {2008},
}

@inproceedings{Gulwani11,
	author    	= {Sumit Gulwani},
 	title     	= {Automating string processing in spreadsheets using input-output examples},
	booktitle 	= {POPL},
	year      	= {2011},
}

@article{GuoDSZ10,
    author      = {Songtao Guo and Xin Dong and Divesh Srivastava and Remi Zajac},
    title       = {Record Linkage with Uniqueness Constraints and Erroneous Values},
    journal     = {PVLDB},
    volume      = {3},
    number      = {1},
    year        = {2010},
}

@article{DBLP:journals/pvldb/SongCY014,
  author    = {Shaoxu Song and
               Hong Cheng and
               Jeffrey Xu Yu and
               Lei Chen},
  title     = {Repairing Vertex Labels under Neighborhood Constraints},
  journal   = {{PVLDB}},
  volume    = {7},
  number    = {11},
  pages     = {987--998},
  year      = {2014},
  url       = {http://www.vldb.org/pvldb/vol7/p987-song.pdf},
  timestamp = {Wed, 18 Jun 2014 10:01:30 +0200},
  biburl    = {http://dblp.uni-trier.de/rec/bib/journals/pvldb/SongCY014},
  bibsource = {dblp computer science bibliography, http://dblp.org}
}

@misc{gurobi,
    author      = "Gurobi",
    title       = "Gurobi Optimizer Reference Manual",
    year        = 2012,
    url         = "http://www.gurobi.com"
}

@article{health11,
    author      = {Jill Van Den Bos and Karan Rustagi and Travis Gray and Michael Halford and Eva Ziemkiewicz and Jonathan Shreve},
    title       = {The \$17.1 Billion Problem: The Annual Cost Of Measurable Medical Errors},
    journal     = {HealthAffairs},
    year        = {2011}
}

@book{HerzogSW09,
    author      = {Thomas N. Herzog and Fritz J. Scheuren and William E. Winkler},
    title       = {Data Quality and Record Linkage Techniques},
    publisher   = {Springer},
    year        = 2009
}

@ARTICLE{HernandezSS98,
    author      = {Hernandez, M. A. and Stolfo, S.},
    title       = {{Real-World Data is Dirty: Data Cleansing and the Merge/Purge Problem}},
    journal     = {Data Mining and Knowledge Discovery},
    year        = {1998},
    volume      = {2},
    number      = {1}
}

@MISC{hospital,
    year        = {2012},
    note ={http://www.hospitalcompare.hhs.gov/}
}

@inproceedings{HuangLC08,
    author      = {Yu Huang and Ziyang Liu and Yi Chen},
    title       = {Query biased snippet generation in XML search},
    booktitle   = {SIGMOD Conference},
    year        = {2008},
}

@inproceedings{IdreosKM07,
    author      = {Stratos Idreos and Martin L. Kersten and  Stefan Manegold},
    title       = {Database Cracking},
    booktitle   = {CIDR},
    year        = {2007},
}

@inproceedings{Kirsten10,
    author      = {Toralf Kirsten and Lars Kolb and Michael Hartung and Anika Gross and Hanna K{\"o}pcke and Erhard Rahm},
    title       = {Data Partitioning for Parallel Entity Matching},
    booktitle   = {QDB},
    year        = {2010},
}

@inproceedings{Kolahi09,
    author      = {Solmaz Kolahi and Laks Lakshmanan},
    title       = {On approximating optimum repairs for functional dependency violations},
    booktitle   = {ICDT},
    year        = {2009},
}

@article{Kozlov80,
    author      = {M.K. Kozlov and S.P. Tarasov and L.G. Khachiyan},
    title       = {Polynomial solvability of convex quadratic programming},
    journal     = {USSR Computational Mathematics and Mathematical Physics},
    volume      = {20},
    number      = {5},
    year        = {1980}
}

@proceedings{GiunchigliaT04,
    editor      = {Enrico Giunchiglia and Armando Tacchella},
    title       = {Theory and Applications of Satisfiability Testing},
    series      = {SAT},
    year        = {2004}
}

@inproceedings{DBLP:conf/sigmod/YakoutBE13,
  author    = {Mohamed Yakout and
               Laure Berti{-}Equille and
               Ahmed K. Elmagarmid},
  title     = {Don't be SCAREd: use SCalable Automatic REpairing with maximal likelihood
               and bounded changes},
  booktitle = {SIGMOD},
  year      = {2013},
}

@book{Zaki:2014:DMA:2621998,
 author = {Zaki, Mohammed J. and  Meira, Wagner},
 title = {Data Mining and Analysis: Fundamental Concepts and Algorithms},
 year = {2014},
 publisher = {Cambridge University Press},
} 

@inproceedings{DBLP:conf/sigmod/ShenCCDN14,
  author    = {Yanyan Shen and
               Kaushik Chakrabarti and
               Surajit Chaudhuri and
               Bolin Ding and
               Lev Novik},
  title     = {Discovering queries based on example tuples},
  booktitle = {SIGMOD},
  pages     = {493--504},
  year      = {2014},
}


@inproceedings{Lopatenko07,
    author      = {Andrei Lopatenko and Loreto Bravo},
    title       = {Efficient Approximation Algorithms for Repairing Inconsistent Databases},
    booktitle   = {ICDE},
    year        = {2007},
}


@inproceedings{MayfieldNP10,
    author      = {Chris Mayfield and Jennifer Neville and Sunil Prabhakar},
    title       = {{ERACER:} a database approach for statistical inference and data cleaning},
    booktitle   = {SIGMOD},
    year        = {2010},
}

@article{DBLP:journals/pvldb/DongS13,
  author    = {Xin Luna Dong and
               Divesh Srivastava},
  title     = {Big Data Integration},
  journal   = {{PVLDB}},
  volume    = {6},
  number    = {11},
  pages     = {1188--1189},
  year      = {2013},
  url       = {http://www.vldb.org/pvldb/vol6/p1188-srivastava.pdf},
  timestamp = {Mon, 14 Oct 2013 15:18:58 +0200},
  biburl    = {http://dblp.uni-trier.de/rec/bib/journals/pvldb/DongS13},
  bibsource = {dblp computer science bibliography, http://dblp.org}
}


@article{DBLP:journals/pvldb/GetoorM12,
  author    = {Lise Getoor and
               Ashwin Machanavajjhala},
  title     = {Entity Resolution: Theory, Practice \& Open Challenges},
  journal   = {{PVLDB}},
  volume    = {5},
  number    = {12},
  pages     = {2018--2019},
  year      = {2012},
  url       = {http://vldb.org/pvldb/vol5/p2018_lisegetoor_vldb2012.pdf},
  timestamp = {Tue, 21 Aug 2012 07:41:43 +0200},
  biburl    = {http://dblp.uni-trier.de/rec/bib/journals/pvldb/GetoorM12},
  bibsource = {dblp computer science bibliography, http://dblp.org}
}

@article{DBLP:journals/pvldb/DongN09,
  author    = {Xin Luna Dong and
               Felix Naumann},
  title     = {Data fusion - Resolving Data Conflicts for Integration},
  journal   = {{PVLDB}},
  volume    = {2},
  number    = {2},
  pages     = {1654--1655},
  year      = {2009},
  url       = {http://www.vldb.org/pvldb/2/vldb09-tutorial1.pdf},
  timestamp = {Wed, 02 Sep 2009 09:21:18 +0200},
  biburl    = {http://dblp.uni-trier.de/rec/bib/journals/pvldb/DongN09},
  bibsource = {dblp computer science bibliography, http://dblp.org}
}

@inproceedings{DBLP:conf/sigmod/DallachiesaEEEIOT13,
  author    = {Michele Dallachiesa and
               Amr Ebaid and
               Ahmed Eldawy and
               Ahmed K. Elmagarmid and
               Ihab F. Ilyas and
               Mourad Ouzzani and
               Nan Tang},
  title     = {{NADEEF:} a commodity data cleaning system},
  booktitle = {SIGMOD},
  year      = {2013},
}

@inproceedings{bigdansing,
  author    = {	Zuhair Khayyat and
               	Ihab F. Ilyas and
		Alekh Jindal and 
		Sam Madden and
	        Mourad Ouzzani and
		Jorge-Arnulfo Quiane-Ruiz and 
	       Paolo Papotti and
               Nan Tang and Si Yin},
  title     = {{BigDansing:} a system for big data cleansing},
  booktitle = {SIGMOD},
  year      = {2015},
}


@inproceedings{katara,
  author    = {Xu Chu and
               John Morcos and
               Ihab F. Ilyas and
               Mourad Ouzzani and
	       Paolo Papotti and
               Nan Tang and Yin Ye},
  title     = {{KATARA:} a data cleaning system powered by knowledge bases and crowdsourcing},
  booktitle = {SIGMOD},
  year      = {2015},
}


@inproceedings{DBLP:conf/sigmod/WangT14,
  author    = {Jiannan Wang and
               Nan Tang},
  title     = {Towards dependable data repairing with fixing rules},
  booktitle = {SIGMOD},
  year      = {2014},
}

@inproceedings{nadeefer,
  author    = {Ahmed Elmagarmid and Ihab F. Ilyas and Mourad Ouzzani and Jorge Quiane-Ruiz and Nan Tang and Si Yin},
  title     = {{NADEEF/ER}: Generic and Interactive Entity Resolution},
  booktitle = {SIGMOD},
  year      = {2014},
}

@inproceedings{DBLP:conf/waim/Fan12,
  author    = {Wenfei Fan},
  title     = {Data Quality: Theory and Practice},
  booktitle = {WAIM},
  year      = {2012},
}


@inproceedings{DBLP:conf/kdd/WangHP03,
  author    = {Jianyong Wang and
               Jiawei Han and
               Jian Pei},
  title     = {{CLOSET+:} searching for the best strategies for mining frequent closed
               itemsets},
  booktitle = {SIGKDD},
  year      = {2003},
}


@article{DBLP:journals/pvldb/FanLMTY10,
  author    = {Wenfei Fan and
               Jianzhong Li and
               Shuai Ma and
               Nan Tang and
               Wenyuan Yu},
  title     = {Towards Certain Fixes with Editing Rules and Master Data},
  journal   = {{PVLDB}},
  volume    = {3},
  number    = {1},
  year      = {2010},
}

@INPROCEEDINGS{inc-survey,
    AUTHOR = {G. Ramalingam and Thomas W. Reps},
    TITLE = {A Categorized Bibliography on Incremental Computation},
    BOOKTITLE = "POPL",
    YEAR = {1993}   
}


@inproceedings{DBLP:conf/sigmod/IlyasMHBA04,
  author    = {Ihab F. Ilyas and
               Volker Markl and
               Peter J. Haas and
               Paul Brown and
               Ashraf Aboulnaga},
  title     = {{CORDS:} Automatic Discovery of Correlations and Soft Functional Dependencies},
  booktitle = {SIGMOD},
  year      = {2004},
}


@article{DBLP:journals/pvldb/EbaidEIOQ0Y13,
  author    = {Amr Ebaid and
               Ahmed K. Elmagarmid and
               Ihab F. Ilyas and
               Mourad Ouzzani and
               Jorge{-}Arnulfo Quian{\'{e}}{-}Ruiz and
               Nan Tang and
               Si Yin},
  title     = {{NADEEF:} {A} Generalized Data Cleaning System},
  journal   = {{PVLDB}},
  volume    = {6},
  number    = {12},
  pages     = {1218--1221},
  year      = {2013},
}

@article{NaumannBBW06,
    author      = {Felix Naumann and Alexander Bilke and Jens Bleiholder and Melanie Weis},
    title       = {Data Fusion in Three Steps: Resolving Schema, Tuple, and Value Inconsistencies},
    journal     = {IEEE Data Eng. Bull.},
    year        = {2006}
}

@BOOK{Papa1994,
    author      = {Christos H Papadimitriou},
    title       = {Computational Complexity},
    publisher   = {Addison Wesley},
    year        = {1994},
}

@inproceedings{DBLP:conf/vldb/RamanH01,
  author    = {Vijayshankar Raman and
               Joseph M. Hellerstein},
  title     = {Potter's Wheel: An Interactive Data Cleaning System},
  booktitle = {VLDB},
  year      = {2001},
}


@article{DBLP:journals/mp/Albers03,
  author    = {Susanne Albers},
  title     = {Online algorithms: a survey},
  journal   = {Math. Program.},
  volume    = {97},
  number    = {1-2},
  year      = {2003},  
}

@article{DBLP:journals/cacm/SleatorT85,
  author    = {Daniel Dominic Sleator and
               Robert Endre Tarjan},
  title     = {Amortized Efficiency of List Update and Paging Rules},
  journal   = {Commun. {ACM}},
  volume    = {28},
  number    = {2},
  year      = {1985},  
}


@inproceedings{DBLP:conf/esa/Ambuhl00,
  author    = {Christoph Amb{\"{u}}hl},
  title     = {Offline List Update is NP-Hard},
  booktitle = {Algorithms - {ESA} 2000, 8th Annual European Symposium},
  year      = {2000},
}



@article{Redman98,
    author      = {Thomas Redman},
    title       = {The Impact of Poor Data Quality on the Typical Enterprise},
    journal     = {Commun. ACM},
    volume      = {41},
    number      = {2},
    year        = {1998},
}

@inproceedings{SarawagiB02,
    author      = {Sunita Sarawagi and Anuradha Bhamidipaty},
    title       = {Interactive deduplication using active learning},
    booktitle   = {KDD},
    year        = {2002},
    pages       = {269-278},
}

@article{SinghG12,
	author    	= {Rishabh Singh and Sumit Gulwani},
	title     	= {Learning Semantic String Transformations from Examples},
	journal   	= {PVLDB},
	year      	= {2012},
}

@misc{uis,
    author      = {{UIS data generator}},
    howpublished= "\url{http://www.cs.utexas.edu/users/ml/riddle/data.html}",
}


@article{WangLYF11,
    author      = {Guoliang Li and Dong Deng and Jiannan Wang and Jianhua Feng},
    title       = {Pass-Join: A Partition-based Method for Similarity Joins},
    journal     = {PVLDB},
    volume      = {5},
    number      = {3},
    year        = {2012},
}

@article{WhangBM09,
    author      = {Steven Euijong Whang and Omar Benjelloun and Hector Garcia-Molina},
    title       = {Generic entity resolution with negative rules},
    journal     = {VLDB J.},
    volume      = {18},
    number      = {6},
    year        = {2009}
}

@article{Wijsen05,
    author      = {Jef Wijsen},
    title       = {Database repairing using updates},
    journal     = {TODS},
    year        = {2005},
    volume      = {30},
    number      = {3}
}

@article{DBLP:journals/pvldb/YakoutENOI11,
  author    = {Mohamed Yakout and
               Ahmed K. Elmagarmid and
               Jennifer Neville and
               Mourad Ouzzani and
               Ihab F. Ilyas},
  title     = {Guided data repair},
  journal   = {{PVLDB}},
  year      = {2011},
}

@inproceedings{BonifatiCS14,
  author    = {Angela Bonifati and
               Radu Ciucanu and
               Slawek Staworko},
  title     = {Interactive Inference of Join Queries},
  booktitle = {{EDBT}},
  year      = {2014}
}

@misc{fixrulefull,
	author 		= {{Full version}},
	howpublished = "\url{http://goo.gl/eEnOG6}",
}

@inproceedings{DBLP:conf/sigmod/ChalamallaIOP14,
  author    = {Anup Chalamalla and
               Ihab F. Ilyas and
               Mourad Ouzzani and
               Paolo Papotti},
  title     = {Descriptive and prescriptive data cleaning},
  booktitle = {SIGMOD},
  year      = {2014},
}


@article{DBLP:journals/pvldb/ArocenaGMMPS15,
	author    = {Patricia C. Arocena and
	Boris Glavic and
	Giansalvatore Mecca and
	Ren{\'{e}}e J. Miller and
	Paolo Papotti and
	Donatello Santoro},
	title     = {Messing Up with {BART:} Error Generation for Evaluating Data-Cleaning
	Algorithms},
	journal   = {{PVLDB}},
	volume    = {9},
	number    = {2},
	year      = {2015},
}


@article{DBLP:journals/pvldb/BonifatiCS14,
	author    = {Angela Bonifati and
	Radu Ciucanu and
	Slawek Staworko},
	title     = {Interactive Join Query Inference with {JIM}},
	journal   = {{PVLDB}},
	volume    = {7},
	number    = {13},
	year      = {2014},
}

@inproceedings{DBLP:conf/sigmod/ZhangEPS13,
	author    = {Meihui Zhang and
	Hazem Elmeleegy and
	Cecilia M. Procopiuc and
	Divesh Srivastava},
	title     = {Reverse engineering complex join queries},
	booktitle = {SIGMOD},
	year      = {2013},
}


@inproceedings{DBLP:conf/icde/AlexeCMT08,
	author    = {Bogdan Alexe and
	Laura Chiticariu and
	Ren{\'{e}}e J. Miller and
	Wang Chiew Tan},
	title     = {Muse: Mapping Understanding and deSign by Example},
	booktitle = {ICDE},
	pages     = {10--19},
	year      = {2008},
}

@inproceedings{DBLP:conf/sigmod/QianCJ12,
	author    = {Li Qian and Michael J. Cafarella and H. V. Jagadish},
	title     = {Sample-driven schema mapping},
	booktitle = {SIGMOD},
	year      = {2012},
}

@article{DBLP:journals/tist/ChangL11,
  author    = {Chih{-}Chung Chang and
               Chih{-}Jen Lin},
  title     = {{LIBSVM:} {A} library for support vector machines},
  journal   = {{ACMTIST}},
  volume    = {2},
  number    = {3},
  pages     = {27},
  year      = {2011},
  url       = {http://doi.acm.org/10.1145/1961189.1961199},
  doi       = {10.1145/1961189.1961199},
  timestamp = {Mon, 30 May 2011 21:08:12 +0200},
  biburl    = {http://dblp.uni-trier.de/rec/bib/journals/tist/ChangL11},
  bibsource = {dblp computer science bibliography, http://dblp.org}
}

#SET COVER
@article{dong2014data,
	title={From data fusion to knowledge fusion},
	author={Dong, Xin Luna and Gabrilovich, Evgeniy and Heitz, Geremy and Horn, Wilko and Murphy, Kevin and Sun, Shaohua and Zhang, Wei},
		volume={7},
		number={10},
	journal={PVLDB},
	pages={881--892},
	year={2014},
	publisher={VLDB Endowment}
}

@article{dong2015knowledge,
	title={Knowledge-based trust: Estimating the trustworthiness of web sources},
	author={Dong, Xin Luna and Gabrilovich, Evgeniy and Murphy, Kevin and Dang, Van and Horn, Wilko and Lugaresi, Camillo and Sun, Shaohua and Zhang, Wei},
	journal={PVLDB},
	pages={938--949},
	year={2015}
}

%KRD
@inproceedings{gc2015big,
	title={Why Big Data Industrial Systems Need Rules and What We Can Do About It},
	author={GC, Paul Suganthan and Sun, Chong and Zhang, Haojun and Yang, Frank and Rampalli, Narasimhan and Prasad, Shishir and Arcaute, Esteban and Krishnan, Ganesh and Deep, Rohit and Raghavendra, Vijay and others},
	booktitle={SIGMOD},
	pages={265--276},
	year={2015}
}

@article{dehaspe1999discovery,
	title={Discovery of frequent datalog patterns},
	author={Dehaspe, Luc and Toivonen, Hannu},
	journal={Data mining and knowledge discovery},
	volume={3},
	number={1},
	pages={7--36},
	year={1999},
	publisher={Springer}
}

@inproceedings{schoenmackers2010learning,
	title={Learning first-order horn clauses from web text},
	author={Schoenmackers, Stefan and Etzioni, Oren and Weld, Daniel S and Davis, Jesse},
	booktitle={Empirical Methods in Natural Language Processing},
	pages={1088--1098},
	year={2010}
}

@article{agrawal1993mining,
	author      = {Agrawal, Rakesh and Imieli\'{n}ski, Tomasz and Swami, Arun},
	title       = {Mining association rules between sets of items in large databases},
	journal     = {SIGMOD Rec.},
		volume={22},
		number={2},
		pages={207--216},
		year={1993},
		organization={ACM}
}

%OVERVIEW ON INDUCTIVE LOGIC PROGRAMMING

@article{muggleton1994inductive,
	title={Inductive logic programming: Theory and methods},
	author={Muggleton, Stephen and De Raedt, Luc},
	journal={The Journal of Logic Programming},
	volume={19},
	pages={629--679},
	year={1994},
	publisher={Elsevier}
}

@inproceedings{min2013distant,
	title={Distant Supervision for Relation Extraction with an Incomplete Knowledge Base.},
	author={Min, Bonan and Grishman, Ralph and Wan, Li and Wang, Chang and Gondek, David},
	booktitle={HLT-NAACL},
	pages={777--782},
	year={2013}
}

@inproceedings{abedjan2014amending,
	title={Amending {RDF} Entities with New Facts},
	author={Abedjan, Ziawasch and Naumann, Felix},
	booktitle={ESWC},
	pages={131--143},
	year={2014}
}

@article{galarraga2015fast,
	title={Fast rule mining in ontological knowledge bases with {AMIE+}},
	author={Gal{\'a}rraga, Luis and Teflioudi, Christina and Hose, Katja and Suchanek, Fabian M},
	journal={The VLDB Journal},
	volume={24},
	number={6},
	pages={707--730},
	year={2015},
	publisher={Springer}
}

#KBs
@inproceedings{suchanek2007yago,
	title={{YAGO}: A core of semantic knowledge unifying Wordnet and Wikipedia},
	author={Suchanek, Fabian M and Kasneci, Gjergji and Weikum, Gerhard},
	booktitle={{WWW}},
	pages={697--706},
	year={2007}
}

@article{bizer2009dbpedia,
	title={{DB}pedia-{A} crystallization point for the Web of Data},
	author={Bizer, Christian and Lehmann, Jens and Kobilarov, Georgi and Auer, S{\"o}ren and Becker, Christian and Cyganiak, Richard and Hellmann, Sebastian},
	journal={Web Semantics: science, services and agents on the WWW},
volume={7},
number={3},
pages={154--165},
year={2009},
publisher={Elsevier}
}

@article{vrandevcic2014wikidata,
	title={Wikidata: A free collaborative knowledgebase},
	author={Vrande{\v{c}}i{\'c}, Denny and Kr{\"o}tzsch, Markus},
	journal={Communications of the ACM},
	volume={57},
	number={10},
	pages={78--85},
	year={2014},
	publisher={ACM}
}

#INCONSISTENCIES IN KBs

#SET COVER
@article{chvatal1979greedy,
	title={A greedy heuristic for the set-covering problem},
	author={Chvatal, Vasek},
	journal={Mathematics of operations research},
	volume={4},
	number={3},
	pages={233--235},
	year={1979},
	publisher={INFORMS}
}

#DEEP DIVE
@article{shin2015incremental,
	title={Incremental knowledge base construction using {DeepDive}},
	author={Shin, Jaeho and Wu, Sen and Wang, Feiran and De Sa, Christopher and Zhang, Ce and R{\'e}, Christopher},
	journal={PVLDB},
	volume={8},
	number={11},
	pages={1310--1321},
	year={2015},
	publisher={VLDB Endowment}
}

#DCs
@article{chu2013discovering,
	author    = {Xu Chu and
	Ihab F. Ilyas and
	Paolo Papotti},
	title     = {Discovering Denial Constraints},
	  volume    = {6},
	  number    = {13},
	journal   = {{PVLDB}},
	pages = {1498--1509},
	year      = {2013},
}

@article{bertossi2011database,
	title={Database repairing and consistent query answering},
	author={Bertossi, Leopoldo},
	journal={Synthesis Lectures on Data Management},
	pages={1--121},
	year={2011},
	publisher={Morgan \& Claypool Publishers}
}

@inproceedings{abedjan2014dfd,
	title={{DFD}: Efficient functional dependency discovery},
	author={Abedjan, Ziawasch and Schulze, Patrick and Naumann, Felix},
	booktitle={CIKM},
	pages={949--958},
	year={2014}
}

@article{abedjan2015temporal,
	title={Temporal rules discovery for web data cleaning},
	author={Abedjan, Ziawasch and Akcora, Cuneyt G and Ouzzani, Mourad and Papotti, Paolo and Stonebraker, Michael},
	journal={PVLDB},
	volume={9},
	number={4},
	pages={336--347},
	year={2015},
	publisher={VLDB Endowment}
}

@article{kivinen1995approximate,
	title={Approximate inference of functional dependencies from relations},
	author={Kivinen, Jyrki and Mannila, Heikki},
	journal={Theoretical Computer Science},
	volume={149},
	number={1},
	pages={129--149},
	year={1995},
	publisher={Elsevier}
}

@article{huhtala1999tane,
	title={{TANE}: An efficient algorithm for discovering functional and approximate dependencies},
	author={Huhtala, Yk{\"a} and K{\"a}rkk{\"a}inen, Juha and Porkka, Pasi and Toivonen, Hannu},
	journal={The computer journal},
	volume={42},
	number={2},
	pages={100--111},
	year={1999},
	publisher={Br Computer Soc}
}

@inproceedings{wyss2001fastfds,
	title={Fast{FDs}: A heuristic-driven, depth-first algorithm for mining functional dependencies from relation instances},
	author={Wyss, Catharine and Giannella, Chris and Robertson, Edward},
	booktitle={DaWaK},
	pages={101--110},
	year={2001}
}

@article{fan2011discovering,
	title={Discovering conditional functional dependencies},
	author={Fan, Wenfei and Geerts, Floris and Li, Jianzhong and Xiong, Ming},
		volume={23},
		number={5},
		journal={TODS},
		pages={683--698},
		year={2011},
		publisher={IEEE}
}

#GRAPH PATTERNS
@article{elseidy2014grami,
	title={Grami: Frequent subgraph and pattern mining in a single large graph},
	author={Elseidy, Mohammed and Abdelhamid, Ehab and Skiadopoulos, Spiros and Kalnis, Panos},
	journal={Proceedings of the VLDB Endowment},
	volume={7},
	number={7},
	pages={517--528},
	year={2014},
	publisher={VLDB Endowment}
}

@article{zou2009distance,
	title={Distance-join: Pattern match query in a large graph database},
	author={Zou, Lei and Chen, Lei and {\"O}zsu, M Tamer},
	journal={Proceedings of the VLDB Endowment},
	volume={2},
	number={1},
	pages={886--897},
	year={2009},
	publisher={VLDB Endowment}
}

@article{zhu2011mining,
	title={Mining top-k large structural patterns in a massive network},
	author={Zhu, Feida and Qu, Qiang and Lo, David and Yan, Xifeng and Han, Jiawei and Yu, Philip S},
	journal={Proceedings of the VLDB Endowment},
	volume={4},
	number={11},
	pages={807--818},
	year={2011}
}

#A*
@article{hart1968formal,
	title={A formal basis for the heuristic determination of minimum cost paths},
	author={Hart, Peter E and Nilsson, Nils J and Raphael, Bertram},
	journal={IEEE transactions on Systems Science and Cybernetics},
	volume={4},
	number={2},
	pages={100--107},
	year={1968},
	publisher={IEEE}
}

#KRD Introduction
@inproceedings{carlson2010toward,
	title={Toward an Architecture for Never-Ending Language Learning.},
	author={Carlson, Andrew and Betteridge, Justin and Kisiel, Bryan and Settles, Burr and Hruschka Jr, Estevam R and Mitchell, Tom M},
	booktitle={AAAI},
	pages = {1306--1313},
	year={2010}
}

@inproceedings{bollacker2008freebase,
	title={Freebase: a collaboratively created graph database for structuring human knowledge},
	author={Bollacker, Kurt and Evans, Colin and Paritosh, Praveen and Sturge, Tim and Taylor, Jamie},
	booktitle={SIGMOD},
	pages={1247--1250},
	year={2008}
}

@inproceedings{deshpande2013building,
	title={Building, maintaining, and using knowledge bases: a report from the trenches},
	author={Deshpande, Omkar and Lamba, Digvijay S and Tourn, Michel and Das, Sanjib and Subramaniam, Sri and Rajaraman, Anand and Harinarayan, Venky and Doan, AnHai},
	booktitle={SIGMOD},
	pages={1209--1220},
	year={2013}
}

@article{richardson2006markov,
	title={Markov logic networks},
	author={Richardson, Matthew and Domingos, Pedro},
	journal={Machine learning},
	volume={62},
	number={1-2},
	pages={107--136},
	year={2006},
	publisher={Springer}
}

@inproceedings{banko2007open,
	title={Open information extraction for the web},
	author={Banko, Michele and Cafarella, Michael J and Soderland, Stephen and Broadhead, Matthew and Etzioni, Oren},
	booktitle={IJCAI},
	pages={2670--2676},
	year={2007}
}

@inproceedings{suchanek2009sofie,
	title={{SOFIE}: A self-organizing framework for information extraction},
	author={Suchanek, Fabian M and Sozio, Mauro and Weikum, Gerhard},
	booktitle={WWW},
	pages={631--640},
	year={2009}
}

@inproceedings{FanFDGraphs,
 	title = {Functional Dependencies for Graphs},
 	author = {Fan, Wenfei and Wu, Yinghui and Xu, Jingbo},
 	booktitle = {SIGMOD},
 	pages = {1843--1857},
 	year = {2016}
} 
